<record><leader>00000cas a22000007a 4500</leader><controlfield tag="001">13069253</controlfield><controlfield tag="008">860127d19091911iduwr ne      0    0eng d</controlfield><datafield ind1=" " ind2=" " tag="010"><subfield code="a">sn 86091075 </subfield></datafield><datafield ind1=" " ind2=" " tag="040"><subfield code="a">UNP</subfield><subfield code="b">eng</subfield><subfield code="c">UNP</subfield><subfield code="d">NVB</subfield><subfield code="d">OCLCQ</subfield><subfield code="d">OCLCF</subfield><subfield code="d">OCLCO</subfield></datafield><datafield ind1="1" ind2=" " tag="029"><subfield code="a">AU@</subfield><subfield code="b">000025794510</subfield></datafield><datafield ind1=" " ind2=" " tag="042"><subfield code="a">msc</subfield></datafield><datafield ind1=" " ind2=" " tag="043"><subfield code="a">n-us-id</subfield></datafield><datafield ind1=" " ind2="4" tag="050"><subfield code="a">AN2.I2</subfield><subfield code="b">W34</subfield></datafield><datafield ind1="0" ind2="4" tag="245"><subfield code="a">The Wallace times.</subfield></datafield><datafield ind1=" " ind2=" " tag="250"><subfield code="a">Mining ed.</subfield></datafield><datafield ind1=" " ind2=" " tag="260"><subfield code="a">Wallace, Idaho :</subfield><subfield code="b">Wallace Times Co.</subfield></datafield><datafield ind1=" " ind2=" " tag="300"><subfield code="a">v.</subfield></datafield><datafield ind1=" " ind2=" " tag="310"><subfield code="a">Weekly</subfield></datafield><datafield ind1="1" ind2=" " tag="362"><subfield code="a">Began with July 31, 1909 issue; ceased in Nov. 1911?</subfield></datafield><datafield ind1=" " ind2=" " tag="515"><subfield code="a">Some issues incorrectly numbered.</subfield></datafield><datafield ind1=" " ind2=" " tag="580"><subfield code="a">Daily eds.: Times (Wallace, Idaho), 1909-1910.</subfield></datafield><datafield ind1=" " ind2=" " tag="588"><subfield code="a">Description based on: Vol. 2, no. 38 (Apr. 16, 1910).</subfield></datafield><datafield ind1=" " ind2="0" tag="651"><subfield code="a">Wallace (Idaho)</subfield><subfield code="v">Newspapers.</subfield></datafield><datafield ind1=" " ind2="7" tag="655"><subfield code="a">Newspapers.</subfield><subfield code="2">fast</subfield><subfield code="0">(OCoLC)fst01423814</subfield></datafield><datafield ind1=" " ind2="7" tag="651"><subfield code="a">Idaho</subfield><subfield code="z">Wallace.</subfield><subfield code="2">fast</subfield><subfield code="0">(OCoLC)fst01220463</subfield></datafield><datafield ind1=" " ind2=" " tag="752"><subfield code="a">United States</subfield><subfield code="b">Idaho</subfield><subfield code="c">Shoshone</subfield><subfield code="d">Wallace.</subfield></datafield><datafield ind1="1" ind2=" " tag="775"><subfield code="t">Times (Wallace, Idaho)</subfield><subfield code="w">(DLC)sn 88056049</subfield></datafield><datafield ind1="1" ind2=" " tag="775"><subfield code="t">Wallace record</subfield><subfield code="w">(DLC)sn 86091074</subfield></datafield><datafield ind1="0" ind2="7" tag="785"><subfield code="t">Idaho press</subfield><subfield code="w">(DLC)sn 86091081</subfield></datafield><datafield ind1="0" ind2="7" tag="785"><subfield code="t">Press-times weekly</subfield><subfield code="w">(DLC)sn 86091292</subfield></datafield></record>